@inproceedings{Vilanova:2017:DIC:3064176.3064197,
 author = {Vilanova, Llu\'{\i}s and Jord\`{a}, Marc and Navarro, Nacho and Etsion, Yoav and Valero, Mateo},
 title = {Direct Inter-Process Communication (dIPC): Repurposing the CODOMs Architecture to Accelerate IPC},
 booktitle = {Proceedings of the Twelfth European Conference on Computer Systems},
 series = {EuroSys '17},
 year = {2017},
 isbn = {978-1-4503-4938-3},
 location = {Belgrade, Serbia},
 pages = {16--31},
 numpages = {16},
 url = {http://doi.acm.org/10.1145/3064176.3064197},
 doi = {10.1145/3064176.3064197},
 acmid = {3064197},
 publisher = {ACM},
 address = {New York, NY, USA},
} 
@INPROCEEDINGS{6853202, 
author={L. Vilanova and M. Ben-Yehuda and N. Navarro and Y. Etsion and M. Valero}, 
booktitle={2014 ACM/IEEE 41st International Symposium on Computer Architecture (ISCA)}, 
title={CODOMs: Protecting software with Code-centric memory Domains}, 
year={2014}, 
volume={}, 
number={}, 
pages={469-480}, 
keywords={computer architecture;program debugging;storage management;CODOM;code-centric memory domain;complex software system;cycle-accurate full-system x86 simulator;software protection primitives;Abstracts;Hardware;Kernel;Memory management}, 
doi={10.1109/ISCA.2014.6853202}, 
ISSN={1063-6897}, 
month={June},}
