@misc{cryptoeprint:2016:550,
    author = {Andrew D. Zonenberg; Bulent Yener},
    title = {Antikernel: A Decentralized Secure Hardware-Software Operating System Architecture},
    howpublished = {Cryptology ePrint Archive, Report 2016/550},
    year = {2016},
    note = {\url{http://eprint.iacr.org/2016/550}},
}
